@report{MateringEthGavinWood,
   author = {Andreas M. Antonopoulos and Dr. Gavin Wood},
   isbn = {978-1-4919-7194-9},
   title = {Mastering Ethereum : BUILDING SMART CONTRACTS AND DAPPS},
   url = {www.EBooksWorld.ir},
  year = {2020},
}
