@book{bookethsol,
author = {Dannen, Chris},
year = {2017},
month = {01},
pages = {35},
title = {Introducing Ethereum and Solidity},
isbn = {978-1-4842-2534-9},
journal = {Introducing Ethereum and Solidity: Foundations of Cryptocurrency and Blockchain Programming for Beginners},
doi = {10.1007/978-1-4842-2535-6}
}

@INPROCEEDINGS{9523638,  author={Bouichou, Aicha and Mezroui, Soufiane and Oualkadi, Ahmed El},  booktitle={2020 International Symposium on Advanced Electrical and Communication Technologies (ISAECT)},   title={An overview of Ethereum and Solidity vulnerabilities},   year={2020},  volume={},  number={},  pages={1-7},  doi={10.1109/ISAECT50560.2020.9523638}}

@INPROCEEDINGS{9415706,  author={Deng, Han and Cheng, Yan and Qiu, Hongwei and Pang, Meiyan and Zhu, Peiyuan and Zhao, Hui and Hong, Yujie},  booktitle={2020 3rd International Conference on Smart BlockChain (SmartBlock)},   title={Design and Implementation of Digital Transaction System Based on Blockchain Environment},   year={2020},  volume={},  number={},  pages={98-103},  doi={10.1109/SmartBlock52591.2020.00025}}

@INPROCEEDINGS{9500526,  author={Ahmed, Mohammad Rasheed and Meenakshi, Kandala and Obaidat, Mohammad S. and Amin, Ruhul and Vijayakumar, Pandi},  booktitle={ICC 2021 - IEEE International Conference on Communications},   title={Blockchain Based Architecture and Solution for Secure Digital Payment System},   year={2021},  volume={},  number={},  pages={1-6},  doi={10.1109/ICC42927.2021.9500526}}

@ARTICLE{5054886,  author={Balan, Rajesh Krishna and Ramasubbu, Narayan},  journal={Computer},   title={The Digital Wallet: Opportunities and Prototypes},   year={2009},  volume={42},  number={4},  pages={100-102},  doi={10.1109/MC.2009.134}}

@INPROCEEDINGS{9534968,  author={Halim, Erwin and Chandra, Adhi Nugroho and Salim, Jennifer and Margarita, Vania and Destiano, Ravel and Hebrard, Marylise},  booktitle={2021 International Conference on Information Management and Technology (ICIMTech)},   title={Predicting the Determinants of Continuance Intention to Use E-Wallet in Indonesia Post-COVID-19 Pandemic},   year={2021},  volume={1},  number={},  pages={545-550},  doi={10.1109/ICIMTech53080.2021.9534968}}

@article{pradana2020, 
journal={Sistem transaksi antar player pada game multiplayer wisata Bromo menggunakan blockchain.}, 
author={Pradana, Reza Putra and Arif, Yunifa Miftachul and Nurhayati, Hani}, 
year={2020}, 
pages={1â€“107}
} 


@ARTICLE{poscons, 
author={Nguyen, Cong T. and Hoang, Dinh Thai and Nguyen, Diep N. and Niyato, Dusit and Nguyen, Huynh Tuong and Dutkiewicz, Eryk},  
journal={IEEE Access},   
title={Proof-of-Stake Consensus Mechanisms for Future Blockchain Networks: Fundamentals, Applications and Opportunities},   
year={2019},  
volume={7},  number={},  
pages={85727-85745}, 
 doi={10.1109/ACCESS.2019.2925010}
}

@book{stallings1999cryptography,
  title={Cryptography and Network Security: Principles and Practice},
  author={Stallings, W.},
  isbn={9780138690175},
  lccn={98015676},
  series={The William Stallings books on computer and data communications technology},
  url={https://books.google.co.id/books?id=Dam9zrViJjEC},
  year={1999},
  publisher={Prentice Hall}
}

@misc{setiawan_2022, title={Arti kata validasi - Kamus Besar Bahasa Indonesia (KBBI) Online}, url={https://kbbi.web.id/validasi}, journal={Kbbi.web.id}, author={Setiawan, Ebta}, year={2022} }

@INPROCEEDINGS{8701371,  
author={Rajput, Siddharth and Singh, Archana and Khurana, Smiti and Bansal, Tushar and Shreshtha, Sanyukta},  
booktitle={2019 Amity International Conference on Artificial Intelligence (AICAI)},   
title={Blockchain Technology and Cryptocurrenices},   
year={2019},  
volume={},  
number={},  
pages={909-912},  
doi={10.1109/AICAI.2019.8701371}
}

@INPROCEEDINGS{9315193,  author={Suratkar, Saurabh and Shirole, Mahesh and Bhirud, Sunil},  booktitle={2020 4th International Conference on Computer, Communication and Signal Processing (ICCCSP)},   title={Cryptocurrency Wallet: A Review},   year={2020},  volume={},  number={},  pages={1-7},  doi={10.1109/ICCCSP49186.2020.9315193}}

@INPROCEEDINGS{8674919,  author={Singh, Karan and Singh, Nikita and Singh Kushwaha, Dharmender},  booktitle={2018 International Conference on Computing, Power and Communication Technologies (GUCON)},   title={An Interoperable and Secure E-Wallet Architecture based on Digital Ledger Technology using Blockchain},   year={2018},  volume={},  number={},  pages={165-169},  doi={10.1109/GUCON.2018.8674919}}

@book{MasteringEthGavinWood,
   author = {Andreas M. Antonopoulos and Dr. Gavin Wood},
   isbn = {978-1-4919-7194-9},
   title = {Mastering Ethereum : BUILDING SMART CONTRACTS AND DAPPS},
   url = {www.EBooksWorld.ir},
  year = {2020},
}

@book{swan_2015, place={Sebastopol (CA)}, edition={1}, title={Blockchain: Blueprint for New Economy}, publisher={O'Reilly}, author={Swan, Melanie}, year={2015}, pages={16-26}}


@INPROCEEDINGS{9388487,  author={Nair, P. Rajitha and Dorai, D. Ramya},  booktitle={2021 Third International Conference on Intelligent Communication Technologies and Virtual Mobile Networks (ICICV)},   title={Evaluation of Performance and Security of Proof of Work and Proof of Stake using Blockchain},   year={2021},  volume={},  number={},  pages={279-283},  doi={10.1109/ICICV50876.2021.9388487}}
